

@misc{website:CUDA_compatibility,
      author = "Nvidia",
      title = "CUDA GPUs",
      url = "https://developer.nvidia.com/cuda-gpus"
},

@book{hosmer2004applied,
  title={Applied logistic regression},
  author={Hosmer Jr, David W and Lemeshow, Stanley},
  year={2004},
  publisher={John Wiley \& Sons}
},

@misc{elkan2013maximum,
  title={Maximum Likelihood, Logistic Regression, and Stochastic Gradient Training},
  author={Elkan, Charles},
  year={2013},
  publisher={Tech. Np}
}

@inproceedings{mcmahan2013ad,
  title={Ad click prediction: a view from the trenches},
  author={McMahan, H Brendan and Holt, Gary and Sculley, David and Young, Michael and Ebner, Dietmar and Grady, Julian and Nie, Lan and Phillips, Todd and Davydov, Eugene and Golovin, Daniel and others},
  booktitle={Proceedings of the 19th ACM SIGKDD international conference on Knowledge discovery and data mining},
  pages={1222--1230},
  year={2013},
  organization={ACM}
}


@inproceedings{mcmahan2011follow,
  title={Follow-the-regularized-leader and mirror descent: Equivalence theorems and l1 regularization},
  author={McMahan, H Brendan},
  booktitle={International Conference on Artificial Intelligence and Statistics},
  pages={525--533},
  year={2011}
}


@incollection{aha1996comparative,
  title={A comparative evaluation of sequential feature selection algorithms},
  author={Aha, David W and Bankert, Richard L},
  booktitle={Learning from Data},
  pages={199--206},
  year={1996},
  publisher={Springer}
}





@url{matlab_fss,
  url=http://fr.mathworks.com/help/stats/sequentialfs.html
}





% http://lia.univ-avignon.fr/chercheurs/torres/livres/book-neuro-intro.pdf SUPER SOURCE !! Livre Back propagation algo !